@Manual{NBR1465301,
	Address = {Rio de Janeiro},
	Author = {ABNT},
	Month = {27 jun.},
	Org-Short = {ABNT},
	Organization = {Associação Brasileira de Normas Técnicas},
	Pages = {19},
	Subtitle = {Avaliação de Bens -- Parte 1: Procedimentos Gerais},
	Title = {{NBR} 14653-1},
	Year = {2019}
}
@Manual{NBR1465302,
	Address = {Rio de Janeiro},
	Author = {ABNT},
	Month = {fev.},
	Org-Short = {ABNT},
	Organization = {Associação Brasileira de Normas Técnicas},
	Pages = {51},
	Subtitle = {Avaliação de Bens -- Parte 2: Imóveis Urbanos},
	Title = {{NBR} 14653-2},
	Year = {2011}
}
@book{matloff2009,
  author = {Norman Saul Matloff},
  address = {Davis, California},
  title = {From {A}lgorithms to {Z}-{S}cores},
  publisher = {Orange Grove Books},
  subtitle = {Probabilistic and Statistical Modeling in Computer Science},
  year = {2009},
  url = {http://heather.cs.ucdavis.edu/~matloff/132/PLN/probstatbook/ProbStatBook.pdf}
}
@book{matloff2017,
  author = {Norman Matloff},
  address = {Boca Raton, Florida},
  title = {Statistical Regression and Classification},
  subtitle = {From Linear Models to Machine Learning},
  publisher = {Chapman \& Hall},
  year = {2017}
}
@book{faraway2004linear,
  title={Linear Models with R},
  author={Faraway, J.J.},
  isbn={9780203507278},
  lccn={2004051916},
  series={Chapman \& Hall/CRC Texts in Statistical Science},
  url={https://books.google.com.br/books?id=fvenzpofkagC},
  year={2004},
  publisher={Taylor \& Francis}
}