@article{CHINLOY1980279,
title = {An empirical model of the market for resale homes},
journal = {Journal of Urban Economics},
volume = {7},
number = {3},
pages = {279-292},
year = {1980},
issn = {0094-1190},
doi = {https://doi.org/10.1016/0094-1190(80)90001-7},
url = {https://www.sciencedirect.com/science/article/pii/0094119080900017},
author = {Peter T. Chinloy},
abstract = {A model of the search process for a house is formulated, where both buyers and sellers are permitted adaptively to alter reservation prices. Houses on the market in a given period are sold or withdrawn or search for a buyer is continued. The empirical predictions are examined for single-family residential homes.}
}