@Manual{NBR1465301,
	Address = {Rio de Janeiro},
	Author = {ABNT},
	Month = {27 jun.},
	Org-Short = {ABNT},
	Organization = {Associacao Brasileira de Normas Tecnicas},
	Pages = {19},
	Subtitle = {Avaliacao de Bens -- Parte 1: Procedimentos Gerais},
	Title = {{NBR} 14653-1},
	Year = {2019}
}
@Manual{NBR1465302,
	Address = {Rio de Janeiro},
	Author = {ABNT},
	Month = {fev.},
	Org-Short = {ABNT},
	Organization = {Associacao Brasileira de Normas Tecnicas},
	Pages = {51},
	Subtitle = {Avaliacao de Bens -- Parte 2: Imoveis Urbanos},
	Title = {{NBR} 14653-2},
	Year = {2011}
}
@Manual{ibapeSP,
	Address = {Sao Paulo},
	author = {IBAPE/SP},
	Month = {13 jun.},
	Org-Short = {IBAPE/SP},
	Organization = {Instituto Brasileiro de Avaliacoes e Pericias de Engenharia de 
	Sao Paulo},
	Pages = {36},
	Title = {Norma Para Avaliacao de Imoveis Urbanos},
	Year = {2011}
}
@book{matloff2009,
  author = {Norman Saul Matloff},
  address = {Davis, California},
  title = {From {A}lgorithms to {Z}-{S}cores},
  publisher = {Orange Grove Books},
  subtitle = {Probabilistic and Statistical Modeling in Computer Science},
  year = {2009},
  url = {http://heather.cs.ucdavis.edu/~matloff/132/PLN/probstatbook/ProbStatBook.pdf}
}
@book{matloff2017,
  author = {Norman Matloff},
  address = {Boca Raton, Florida},
  title = {Statistical Regression and Classification},
  subtitle = {From Linear Models to Machine Learning},
  publisher = {Chapman \& Hall},
  year = {2017}
}
@book{faraway2004linear,
  title={Linear Models with R},
  author={Faraway, J.J.},
  isbn={9780203507278},
  lccn={2004051916},
  series={Chapman \& Hall/CRC Texts in Statistical Science},
  url={https://books.google.com.br/books?id=fvenzpofkagC},
  year={2004},
  publisher={Taylor \& Francis}
}
@article{mooya2009,
 ISSN = {00420980, 1360063X},
 URL = {http://www.jstor.org/stable/43197982},
 author = {Manya M. Mooya},
 journal = {Urban Studies},
 number = {3},
 pages = {687--701},
 publisher = {Sage Publications, Ltd.},
 title = {Market Value without a Market: Perspectives from Transaction Cost Theory},
 volume = {46},
 year = {2009}
}
@article{horowitz,
 ISSN = {08837252, 10991255},
 URL = {http://www.jstor.org/stable/2285023},
 author = {Joel L. Horowitz},
 journal = {Journal of Applied Econometrics},
 number = {2},
 pages = {115--129},
 publisher = {Wiley},
 title = {The Role of the List Price in Housing Markets: Theory and an Econometric Model},
 volume = {7},
 year = {1992}
}
@article{chinloy,
  title = {An empirical model of the market for resale homes},
  journal = {Journal of Urban Economics},
  volume = {7},
  number = {3},
  pages = {279-292},
  year = {1980},
  issn = {0094-1190},
  doi = {https://doi.org/10.1016/0094-1190(80)90001-7},
  author = {Peter T. Chinloy}
}
@article{haurin,
  title = {List price and sales prices of residential properties during booms and busts},
  journal = {Journal of Housing Economics},
  volume = {22},
  number = {1},
  pages = {1-10},
  year = {2013},
  issn = {1051-1377},
  doi = {https://doi.org/10.1016/j.jhe.2013.01.003},
  author = {Donald Haurin and Stanley McGreal and Alastair Adair and Louise Brown and James R. Webb},
  keywords = {List price, Sale price, Residential housing, Time on market, Search models}
}
@article{erba2019,
  author = {Diego Alfonso Erba},
  year = {2019},
  title = {Politica Tributaria vs. Politica Catastral, nuevo juego de
roles},
  journal = {Revista de Administracion Tributaria},
  publisher = {Centro Interameticano de Administraciones Tributarias - CIAT},
  number = {45},
  pages = {37-50},
  ISSN = {1684-9434}
}
@article{lima2006,
  author = {Lima, Gilson Pereira de Andrade},
  year = {2006},
  title = {Homogeneizacao por Fatores na Forma Aditiva, Multiplicativa ou Mista?},
  subtitle = {Imposicao Normativa ou Resposta do Mercado?},
  journal = {XIII COBREAP},
  address = {Fortaleza/CE}
}
@article{mantovani2019,
  author = {Flavia A. Mantovani and Raquel Cymrot and Luiz H. Cappelano},
  title = {Fator Oferta para imoveis residenciais da cidade de Atibaia/SP em 
  tempos de crise},
  journal = {XX COBREAP},
  address = {Salvador, BA}
}
@thesis{spinney,
  author = {Jamie Edwin Lee Spinney},
  title = {Geography, Land Values and Municipal Taxation},
  subtitle = {A Spatial Paradigm for the estimation and reclamation of rent},
  pages = {132},
  school = {School of Graduate Studies},
  type = {Doctor of Philosophy},
  address = {Hamilton, Ontario},
  month = {out.},
  year = 2010
}
@misc{fipezap,
  author = {FIPE and ZAP},
  title = {Raio-X FIPEZAP},
  subtitle = {Perfil da Demanda de Imóveis},
  publisher = {FIPE},
  year = {2021},
  month = {1º trimestre},
  url = {https://fipezap.zapimoveis.com.br/wp-content/uploads/2021/05/raio-x-fipezap-2021t1.pdf}
}